@String(PAMI = {IEEE Trans. Pattern Anal. Mach. Intell.})
@String(IJCV = {Int. J. Comput. Vis.})
@String(CVPR= {IEEE Conf. Comput. Vis. Pattern Recog.})
@String(ICCV= {Int. Conf. Comput. Vis.})
@String(ECCV= {Eur. Conf. Comput. Vis.})
@String(NIPS= {Adv. Neural Inform. Process. Syst.})
@String(ICPR = {Int. Conf. Pattern Recog.})
@String(BMVC= {Brit. Mach. Vis. Conf.})
@String(TOG= {ACM Trans. Graph.})
@String(TIP  = {IEEE Trans. Image Process.})
@String(TVCG  = {IEEE Trans. Vis. Comput. Graph.})
@String(TMM  = {IEEE Trans. Multimedia})
@String(ACMMM= {ACM Int. Conf. Multimedia})
@String(ICME = {Int. Conf. Multimedia and Expo})
@String(ICASSP=	{ICASSP})
@String(ICIP = {IEEE Int. Conf. Image Process.})
@String(ACCV  = {ACCV})
@String(ICLR = {Int. Conf. Learn. Represent.})
@String(IJCAI = {IJCAI})
@String(PR   = {Pattern Recognition})
@String(AAAI = {AAAI})
@String(CVPRW= {IEEE Conf. Comput. Vis. Pattern Recog. Worksh.})
@String(CSVT = {IEEE Trans. Circuit Syst. Video Technol.})

@String(SPL	= {IEEE Sign. Process. Letters})
@String(VR   = {Vis. Res.})
@String(JOV	 = {J. Vis.})
@String(TVC  = {The Vis. Comput.})
@String(JCST  = {J. Comput. Sci. Tech.})
@String(CGF  = {Comput. Graph. Forum})
@String(CVM = {Computational Visual Media})


@String(PAMI  = {IEEE TPAMI})
@String(IJCV  = {IJCV})
@String(CVPR  = {CVPR})
@String(ICCV  = {ICCV})
@String(ECCV  = {ECCV})
@String(NIPS  = {NeurIPS})
@String(ICPR  = {ICPR})
@String(BMVC  =	{BMVC})
@String(TOG   = {ACM TOG})
@String(TIP   = {IEEE TIP})
@String(TVCG  = {IEEE TVCG})
@String(TCSVT = {IEEE TCSVT})
@String(TMM   =	{IEEE TMM})
@String(ACMMM = {ACM MM})
@String(ICME  =	{ICME})
@String(ICASSP=	{ICASSP})
@String(ICIP  = {ICIP})
@String(ACCV  = {ACCV})
@String(ICLR  = {ICLR})
@String(IJCAI = {IJCAI})
@String(PR = {PR})
@String(AAAI = {AAAI})
@String(CVPRW= {CVPRW})
@String(CSVT = {IEEE TCSVT})



@misc{Authors14,
 author = {FirstName LastName},
 title = {The frobnicatable foo filter},
 note = {Face and Gesture submission ID 324. Supplied as supplemental material {\tt fg324.pdf}},
 year = 2014
}

@misc{Authors14b,
 author = {FirstName LastName},
 title = {Frobnication tutorial},
 note = {Supplied as supplemental material {\tt tr.pdf}},
 year = 2014
}

@article{Alpher02,
author = {FirstName Alpher},
title = {Frobnication},
journal = PAMI,
volume = 12,
number = 1,
pages = {234--778},
year = 2002
}

@article{Alpher03,
author = {FirstName Alpher and  FirstName Fotheringham-Smythe},
title = {Frobnication revisited},
journal = {Journal of Foo},
volume = 13,
number = 1,
pages = {234--778},
year = 2003
}

@article{Alpher04,
author = {FirstName Alpher and FirstName Fotheringham-Smythe and FirstName Gamow},
title = {Can a machine frobnicate?},
journal = {Journal of Foo},
volume = 14,
number = 1,
pages = {234--778},
year = 2004
}

@inproceedings{Alpher05,
author = {FirstName Alpher and FirstName Gamow},
title = {Can a computer frobnicate?},
booktitle = CVPR,
pages = {234--778},
year = 2005
}

@article{hedstrom2023quantus,
  author  = {Anna Hedstr{\"{o}}m and Leander Weber and Daniel Krakowczyk and Dilyara Bareeva and Franz Motzkus and Wojciech Samek and Sebastian Lapuschkin and Marina Marina M.{-}C. H{\"{o}}hne},
  title   = {Quantus: An Explainable AI Toolkit for Responsible Evaluation of Neural Network Explanations and Beyond},
  journal = {Journal of Machine Learning Research},
  year    = {2023},
  volume  = {24},
  number  = {34},
  pages   = {1--11},
  url     = {http://jmlr.org/papers/v24/22-0142.html}
}

@misc{sslUMAP,
  doi = {10.48550/ARXIV.2203.12204},
  
  url = {https://arxiv.org/abs/2203.12204},
  
  author = {Zhu, Weicheng and Fernandez-Granda, Carlos and Razavian, Narges},
  
  keywords = {Computer Vision and Pattern Recognition (cs.CV), FOS: Computer and information sciences, FOS: Computer and information sciences},
  
  title = {Interpretable Prediction of Lung Squamous Cell Carcinoma Recurrence With Self-supervised Learning},
  
  publisher = {arXiv},
  
  year = {2022},
  
  copyright = {arXiv.org perpetual, non-exclusive license}
}

@article{goWithoutHumans,
  added-at = {2017-12-15T02:14:58.000+0100},
  author = {Silver, David and Schrittwieser, Julian and Simonyan, Karen and Antonoglou, Ioannis and Huang, Aja and Guez, Arthur and Hubert, Thomas and Baker, Lucas and Lai, Matthew and Bolton, Adrian and Chen, Yutian and Lillicrap, Timothy and Hui, Fan and Sifre, Laurent and van den Driessche, George and Graepel, Thore and Hassabis, Demis},
  biburl = {https://www.bibsonomy.org/bibtex/2ecdfbfcceb55ee5f14c1c375ad71f2cb/achakraborty},
  description = {Mastering the game of Go without human knowledge | Nature},
  interhash = {c45d318e105d0f2d62ccc28c2699d9d4},
  intrahash = {ecdfbfcceb55ee5f14c1c375ad71f2cb},
  journal = {Nature},
  keywords = {2017 deep-learning deepmind google paper reinforcement-learning},
  month = oct,
  pages = {354--},
  publisher = {Macmillan Publishers Limited, part of Springer Nature. All rights reserved.},
  timestamp = {2017-12-15T02:14:58.000+0100},
  title = {Mastering the game of Go without human knowledge},
  url = {http://dx.doi.org/10.1038/nature24270},
  volume = 550,
  year = 2017
}

@book{bellman,
  abstract = {{An introduction to the mathematical theory of multistage decision processes, this text takes a "functional equation" approach to the discovery of optimum policies. Written by a leading developer of such policies, it presents a series of methods, uniqueness and existence theorems, and examples for solving the relevant equations. The text examines existence and uniqueness theorems, the optimal inventory equation, bottleneck problems in multistage production processes, a new formalism in the calculus of variation, strategies behind multistage games, and Markovian decision processes. Each chapter concludes with a problem set that Eric V. Denardo of Yale University, in his informative new introduction, calls "a rich lode of applications and research topics." 1957 edition. 37 figures.}},
  added-at = {2011-08-17T16:08:47.000+0200},
  author = {Bellman, Richard},
  biburl = {https://www.bibsonomy.org/bibtex/29cdd821222218ded252c8ba5cd712666/pcbouman},
  interhash = {acf948462171ca060064a7ded257a792},
  intrahash = {9cdd821222218ded252c8ba5cd712666},
  isbn = {9780486428093},
  keywords = {book dynamic programming},
  publisher = {Dover Publications},
  timestamp = {2011-08-18T09:10:27.000+0200},
  title = {{Dynamic Programming}},
  year = 1957
}

@misc{datarepresentativity,
  doi = {10.48550/ARXIV.2203.04706},
  
  url = {https://arxiv.org/abs/2203.04706},
  
  author = {Clemmensen, Line H. and Kjærsgaard, Rune D.},
  
  keywords = {Machine Learning (stat.ML), Artificial Intelligence (cs.AI), Machine Learning (cs.LG), FOS: Computer and information sciences, FOS: Computer and information sciences},
  
  title = {Data Representativity for Machine Learning and AI Systems},
  
  publisher = {arXiv},
  
  year = {2022},
  
  copyright = {arXiv.org perpetual, non-exclusive license}
}


@inproceedings{pan2017synchronous,
  title={Synchronous vs. Asynchronous GPU Graph Frameworks},
  author={Pan, Yuechao and Osama, Muhammad and Owens, John D},
  booktitle={The 7th Workshop on Multi-core and Rack-scale Systems},
  year={2017}
}


@misc{distributedDL,
  title={Distributing Deep learning on HPC},
  url={https://training.pages.sigma2.no/tutorials/gpus-on-hpc/_downloads/731ce1becac3ccefbfc20cb8187be669/Distributing_Deeplearning_on_HPC.pdf},
  journal={Distributed Deep Learning},
  author={Hofsøy-Woie, Vetle}
}

@INPROCEEDINGS{imageNet,
  author={Deng, Jia and Dong, Wei and Socher, Richard and Li, Li-Jia and Kai Li and Li Fei-Fei},
  booktitle={2009 IEEE Conference on Computer Vision and Pattern Recognition}, 
  title={ImageNet: A large-scale hierarchical image database}, 
  year={2009},
  volume={},
  number={},
  pages={248-255},
  doi={10.1109/CVPR.2009.5206848}
}

@misc{dataPriors,
  doi = {10.48550/ARXIV.2203.07707},
  url = {https://arxiv.org/abs/2203.07707},
  author = {Chhipa, Prakash Chandra and Upadhyay, Richa and Pihlgren, Gustav Grund and Saini, Rajkumar and Uchida, Seiichi and Liwicki, Marcus},
  keywords = {Image and Video Processing (eess.IV), Computer Vision and Pattern Recognition (cs.CV), FOS: Electrical engineering, electronic engineering, information engineering, FOS: Electrical engineering, electronic engineering, information engineering, FOS: Computer and information sciences, FOS: Computer and information sciences},
  title = {Magnification Prior: A Self-Supervised Method for Learning Representations on Breast Cancer Histopathological Images},
  publisher = {arXiv},
  year = {2022},
  copyright = {Creative Commons Attribution 4.0 International}
}

@inproceedings{chung2020generative,
  title = {Generative pre-training for speech with autoregressive predictive coding},
  author = {Chung, Yu-An and Glass, James},
  booktitle = {ICASSP},
  year = {2020}
}

@inproceedings{simonyan2014deep,
  title={Deep Inside Convolutional Networks: Visualising Image Classification Models and Saliency Maps},
  author={Simonyan, Karen and Vedaldi, Andrea and Zisserman, Andrew},
  booktitle={International Conference on Learning Representations},
  year={2014}
}

@article{geometryToBlame,
  title={Explanations can be manipulated and geometry is to blame},
  author={Adebayo, Julius and Gilmer, Justin and Muelly, Michael and Goodfellow, Ian and Hardt, Moritz and Kim, Been},
  journal={arXiv preprint arXiv:1811.10158},
  year={2018}
}

@article{simCLR,
  title={A Simple Framework for Contrastive Learning of Visual Representations},
  author={Chen, Ting and Kornblith, Simon and Norouzi, Mohammad and Hinton, Geoffrey},
  journal={arXiv preprint arXiv:2002.05709},
  year={2020}
}

@article{krusk1,
 ISSN = {03067734, 17515823},
 URL = {http://www.jstor.org/stable/1403202},
 abstract = {By classifying and illustrating non-scientific uses of the term 'representative sample', its meanings can be clarified. The principal meanings seem to be: generalized if unjustified acclaim for data; absence of selective forces; miniature of the population; typical case or cases, the ideal case; and coverage of the population. Because of its ambiguities and imprecision, we recommend great caution in the use of the expression 'representative sample'. Usually a more specific expression will add clarity. /// Les différents sens du terme 'échantillon représentatif' peuvent être clarifiés en classant et illustrant ses emplois non-scientifiques. Les principaux sens semblent être: un enthousiasme généralisé et non justifié pour les données l'absence de forces déformantes dans les choix une miniaturisation de la population un ou des exemples typiques; un exemple idéal une situation où l'ensemble de la population est couvert. A cause de son ambiguité et de son manque de précision, nous recommandons la plus grande précaution dans l'emploi de l'expression 'échantillon représentatif'. En général, utiliser une expression plus spécifique ajoutera de la clarté.},
 author = {William Kruskal and Frederick Mosteller},
 journal = {International Statistical Review / Revue Internationale de Statistique},
 number = {1},
 pages = {13--24},
 publisher = {[Wiley, International Statistical Institute (ISI)]},
 title = {Representative Sampling, I: Non-Scientific Literature},
 urldate = {2023-02-17},
 volume = {47},
 year = {1979}
}

@article{krusk2,
 ISSN = {03067734, 17515823},
 URL = {http://www.jstor.org/stable/1402564},
 author = {William Kruskal and Frederick Mosteller},
 journal = {International Statistical Review / Revue Internationale de Statistique},
 number = {2},
 pages = {111--127},
 publisher = {[Wiley, International Statistical Institute (ISI)]},
 title = {Representative Sampling, II: Scientific Literature, Excluding Statistics},
 urldate = {2023-02-17},
 volume = {47},
 year = {1979}
}

@INPROCEEDINGS{biasedImagenet,
  author={Torralba, Antonio and Efros, Alexei A.},
  booktitle={CVPR 2011}, 
  title={Unbiased look at dataset bias}, 
  year={2011},
  volume={},
  number={},
  pages={1521-1528},
  doi={10.1109/CVPR.2011.5995347}
}

@misc{sigma2GPU,
  author = "NRIS",
  title = "HPC Intro: When One Server is Not Enough",
  howpublished = "\url{https://training.pages.sigma2.no/tutorials/gpus-on-hpc/episodes/11-hpc-intro.html#when-one-server-is-not-enough}",
  year = "Accessed 2023-02-17"
}

@article{alphaTensor,
  title={Discovering faster matrix multiplication algorithms with reinforcement learning},
  author={Zheng, Xuhui and Zoph, Barret and Vasudevan, Vijay and Shlens, Jonathon and Le, Quoc V},
  journal={Advances in Neural Information Processing Systems},
  volume={32},
  pages={2234--2245},
  year={2019}
}


@article{stratego,
  author = {Julien Perolat  and Bart De Vylder  and Daniel Hennes  and Eugene Tarassov  and Florian Strub  and Vincent de Boer  and Paul Muller  and Jerome T. Connor  and Neil Burch  and Thomas Anthony  and Stephen McAleer  and Romuald Elie  and Sarah H. Cen  and Zhe Wang  and Audrunas Gruslys  and Aleksandra Malysheva  and Mina Khan  and Sherjil Ozair  and Finbarr Timbers  and Toby Pohlen  and Tom Eccles  and Mark Rowland  and Marc Lanctot  and Jean-Baptiste Lespiau  and Bilal Piot  and Shayegan Omidshafiei  and Edward Lockhart  and Laurent Sifre  and Nathalie Beauguerlange  and Remi Munos  and David Silver  and Satinder Singh  and Demis Hassabis  and Karl Tuyls },
  title = {Mastering the game of Stratego with model-free multiagent reinforcement learning},
  journal = {Science},
  volume = {378},
  number = {6623},
  pages = {990-996},
  year = {2022},
  doi = {10.1126/science.add4679},
  URL = {https://www.science.org/doi/abs/10.1126/science.add4679},
  eprint = {https://www.science.org/doi/pdf/10.1126/science.add4679}
}

@article{muZero,
  title={Mastering Atari, Go, chess and shogi by planning with a learned model},
  author={Silver, David and Hubert, Thomas and Schrittwieser, Julian and Antonoglou, Ioannis and Lai, Matthew and Guez, Arthur and Lanctot, Marc and Sifre, Laurent and Kumaran, Dharshan and Graepel, Thore and others},
  journal={Nature},
  volume={588},
  pages={604--609},
  year={2020},
  publisher={Nature Publishing Group}
}

@article{alphaZero,
  author = {David Silver  and Thomas Hubert  and Julian Schrittwieser  and Ioannis Antonoglou  and Matthew Lai  and Arthur Guez  and Marc Lanctot  and Laurent Sifre  and Dharshan Kumaran  and Thore Graepel  and Timothy Lillicrap  and Karen Simonyan  and Demis Hassabis },
  title = {A general reinforcement learning algorithm that masters chess, shogi, and Go through self-play},
  journal = {Science},
  volume = {362},
  number = {6419},
  pages = {1140-1144},
  year = {2018},
  doi = {10.1126/science.aar6404},
  URL = {https://www.science.org/doi/abs/10.1126/science.aar6404},
  eprint = {https://www.science.org/doi/pdf/10.1126/science.aar6404}
}

@misc{openai,
  title = {OpenAI},
  howpublished = {\url{https://openai.com/}},
  year = {Accessed 2023-02-17}
}


@misc{gpt3,
  doi = {10.48550/ARXIV.2005.14165},
  url = {https://arxiv.org/abs/2005.14165},
  author = {Brown, Tom B. and Mann, Benjamin and Ryder, Nick and Subbiah, Melanie and Kaplan, Jared and Dhariwal, Prafulla and Neelakantan, Arvind and Shyam, Pranav and Sastry, Girish and Askell, Amanda and Agarwal, Sandhini and Herbert-Voss, Ariel and Krueger, Gretchen and Henighan, Tom and Child, Rewon and Ramesh, Aditya and Ziegler, Daniel M. and Wu, Jeffrey and Winter, Clemens and Hesse, Christopher and Chen, Mark and Sigler, Eric and Litwin, Mateusz and Gray, Scott and Chess, Benjamin and Clark, Jack and Berner, Christopher and McCandlish, Sam and Radford, Alec and Sutskever, Ilya and Amodei, Dario},
  keywords = {Computation and Language (cs.CL), FOS: Computer and information sciences, FOS: Computer and information sciences},
  title = {Language Models are Few-Shot Learners},
  publisher = {arXiv},
  year = {2020}
}
